# data citations
@article{bae2014growth,
  title={Growth characteristics and biofilm formation of various spoilage bacteria isolated from fresh produce},
  author={Bae, Young-Min and Zheng, Ling and Hyun, Jeong-Eun and Jung, Kyu-Seok and Heu, Sunggi and Lee, Sun-Young},
  journal={Journal of food science},
  volume={79},
  number={10},
  pages={M2072--M2080},
  year={2014},
  publisher={Wiley Online Library}
}
@article{bernhardt2018metabolic,
  title={Metabolic theory and the temperature-size rule explain the temperature dependence of population carrying capacity},
  author={Bernhardt, Joey R and Sunday, Jennifer M and Oâ€™Connor, Mary I},
  journal={The American Naturalist},
  volume={192},
  number={6},
  pages={687--697},
  year={2018},
  publisher={University of Chicago Press Chicago, IL}
}
@article{galarz2016predicting,
  title={Predicting bacterial growth in raw, salted, and cooked chicken breast fillets during storage},
  author={Galarz, Liane Aldrighi and Fonseca, Gustavo Graciano and Prentice, Carlos},
  journal={Food Science and Technology International},
  volume={22},
  number={6},
  pages={461--474},
  year={2016},
  publisher={SAGE Publications Sage UK: London, England}
}
@article{gill1991growth,
  title={Growth of Escherichia coli and Salmonella typhimurium on high-pH beef packed under vacuum or carbon dioxide},
  author={Gill, CO and DeLacy, KM},
  journal={International journal of food microbiology},
  volume={13},
  number={1},
  pages={21--30},
  year={1991},
  publisher={Elsevier}
}
@article{phillips1987relation,
  title={The relation between temperature and growth of bacteria in dairy products},
  author={Phillips, JD and Griffiths, MW},
  journal={Food Microbiology},
  volume={4},
  number={2},
  pages={173--185},
  year={1987},
  publisher={Elsevier}
}
@article{roth1962continuity,
  title={Continuity of psychrophilic and mesophilic growth characteristics in the genus Arthrobacter},
  author={Roth, Norman G and Wheaton, Robert B},
  journal={Journal of bacteriology},
  volume={83},
  number={3},
  pages={551--555},
  year={1962},
  publisher={Am Soc Microbiol}
}
@article{silva2018modelling,
  title={Modelling the growth of lactic acid bacteria at different temperatures},
  author={Silva, Ana Paula Rosa da and Longhi, Daniel Angelo and Dalcanton, Francieli and Arag{\~a}o, Gl{\'a}ucia Maria Falc{\~a}o de},
  journal={Brazilian archives of biology and technology},
  volume={61},
  year={2018},
  publisher={SciELO Brasil}
}
@article{sivonen1990effects,
  title={Effects of light, temperature, nitrate, orthophosphate, and bacteria on growth of and hepatotoxin production by Oscillatoria agardhii strains.},
  author={Sivonen, Kaarina},
  journal={Applied and environmental microbiology},
  volume={56},
  number={9},
  pages={2658--2666},
  year={1990},
  publisher={Am Soc Microbiol}
}
@article{stannard1985temperature,
  title={Temperature/growth relationships for psychrotrophic food-spoilage bacteria},
  author={Stannard, CJ and Williams, AP and Gibbs, PA},
  journal={Food Microbiology},
  volume={2},
  number={2},
  pages={115--122},
  year={1985},
  publisher={Elsevier}
}
@article{zwietering1994modeling,
  title={Modeling of bacterial growth with shifts in temperature},
  author={Zwietering, MH and De Wit, JC and Cuppers, HGAM and Van't Riet, K},
  journal={Applied and Environmental Microbiology},
  volume={60},
  number={1},
  pages={204--213},
  year={1994},
  publisher={Am Soc Microbiol}
}

# other citations
@article{gibbs2000variational,
  title={Variational Gaussian process classifiers},
  author={Gibbs, Mark N and MacKay, David JC},
  journal={IEEE Transactions on Neural Networks},
  volume={11},
  number={6},
  pages={1458--1464},
  year={2000},
  publisher={IEEE}
}

@article{zwietering1990modeling,
  title={Modeling of the bacterial growth curve},
  author={Zwietering, MH and Jongenburger, Il and Rombouts, FM and Van't Riet, KJAEM},
  journal={Applied and environmental microbiology},
  volume={56},
  number={6},
  pages={1875--1881},
  year={1990},
  publisher={Am Soc Microbiol}
}
@article{anderson2004model,
  title={Model selection and multi-model inference},
  author={Anderson, D and Burnham, K},
  journal={Second. NY: Springer-Verlag},
  volume={63},
  number={2020},
  pages={10},
  year={2004}
}
@article{eberhardt2008analyzing,
  title={Analyzing population growth curves},
  author={Eberhardt, LL and Breiwick, JM and Demaster, DP},
  journal={Oikos},
  volume={117},
  number={8},
  pages={1240--1246},
  year={2008},
  publisher={Wiley Online Library}
}
@article{tjorve2017use,
  title={The use of Gompertz models in growth analyses, and new Gompertz-model approach: An addition to the Unified-Richards family},
  author={Tj{\o}rve, Kathleen MC and Tj{\o}rve, Even},
  journal={PloS one},
  volume={12},
  number={6},
  pages={e0178691},
  year={2017},
  publisher={Public Library of Science San Francisco, CA USA}
}
@article{johnson2004model,
  title={Model selection in ecology and evolution},
  author={Johnson, Jerald B and Omland, Kristian S},
  journal={Trends in ecology \& evolution},
  volume={19},
  number={2},
  pages={101--108},
  year={2004},
  publisher={Elsevier}
}

# Discussion citations
@article{buchanan1997simple,
  title={When is simple good enough: a comparison of the Gompertz, Baranyi, and three-phase linear models for fitting bacterial growth curves},
  author={Buchanan, RL and Whiting, RC and Damert, WC},
  journal={Food microbiology},
  volume={14},
  number={4},
  pages={313--326},
  year={1997},
  publisher={Academic Press}
}
@article{loreau1998biodiversity,
  title={Biodiversity and ecosystem functioning: a mechanistic model},
  author={Loreau, Michel},
  journal={Proceedings of the National Academy of Sciences},
  volume={95},
  number={10},
  pages={5632--5636},
  year={1998},
  publisher={National Acad Sciences}
}
@article{braillard2010systems,
  title={Systems biology and the mechanistic framework},
  author={Braillard, Pierre-Alain},
  journal={History and philosophy of the life sciences},
  pages={43--62},
  year={2010},
  publisher={JSTOR}
}
@article{balmer2012evolution,
  title={Evolution and revolution: Gauging the impact of technological and technical innovation on Olympic performance},
  author={Balmer, Nigel and Pleasence, Pascoe and Nevill, Alan},
  journal={Journal of Sports Sciences},
  volume={30},
  number={11},
  pages={1075--1083},
  year={2012},
  publisher={Taylor \& Francis}
}
@article{meshkat2014finding,
  title={On finding and using identifiable parameter combinations in nonlinear dynamic systems biology models and COMBOS: A novel web implementation},
  author={Meshkat, Nicolette and Kuo, Christine Er-zhen and DiStefano III, Joseph},
  journal={PLoS One},
  volume={9},
  number={10},
  pages={e110261},
  year={2014},
  publisher={Public Library of Science}
}