@article{gibbs2000variational,
  title={Variational Gaussian process classifiers},
  author={Gibbs, Mark N and MacKay, David JC},
  journal={IEEE Transactions on Neural Networks},
  volume={11},
  number={6},
  pages={1458--1464},
  year={2000},
  publisher={IEEE}
}

@article{zwietering1990modeling,
  title={Modeling of the bacterial growth curve},
  author={Zwietering, MH and Jongenburger, Il and Rombouts, FM and Van't Riet, KJAEM},
  journal={Applied and environmental microbiology},
  volume={56},
  number={6},
  pages={1875--1881},
  year={1990},
  publisher={Am Soc Microbiol}
}